<record><leader>00000cas a2200000 a 4500</leader><controlfield tag="001">8776746</controlfield><controlfield tag="008">820915d18571859dcudn ne      0   a0eng  </controlfield><datafield ind1=" " ind2=" " tag="010"><subfield code="a">sn 82006534 </subfield></datafield><datafield ind1=" " ind2=" " tag="040"><subfield code="a">DLC</subfield><subfield code="b">eng</subfield><subfield code="c">DLC</subfield><subfield code="d">NPW</subfield><subfield code="d">NPV</subfield><subfield code="d">NPY</subfield><subfield code="d">NPA</subfield><subfield code="d">YOX</subfield><subfield code="d">DLC</subfield><subfield code="d">NJW</subfield><subfield code="d">NLG</subfield><subfield code="d">ANU</subfield><subfield code="d">KNP</subfield><subfield code="d">MGN</subfield><subfield code="d">CNK</subfield><subfield code="d">NVK</subfield><subfield code="d">NVF</subfield><subfield code="d">DCN</subfield><subfield code="d">OCL</subfield><subfield code="d">DLC</subfield><subfield code="d">KRTAS</subfield><subfield code="d">CUI</subfield><subfield code="d">UKMGB</subfield><subfield code="d">OCLCQ</subfield><subfield code="d">OCLCF</subfield><subfield code="d">DLC</subfield></datafield><datafield ind1="7" ind2=" " tag="016"><subfield code="a">013934016</subfield><subfield code="2">Uk</subfield></datafield><datafield ind1="0" ind2=" " tag="022"><subfield code="a">2471-6618</subfield><subfield code="2">1</subfield></datafield><datafield ind1=" " ind2=" " tag="042"><subfield code="a">pcc</subfield><subfield code="a">nsdp</subfield></datafield><datafield ind1=" " ind2=" " tag="043"><subfield code="a">n-us-dc</subfield></datafield><datafield ind1="0" ind2="0" tag="050"><subfield code="a">Newspaper</subfield></datafield><datafield ind1=" " ind2="4" tag="050"><subfield code="a">AN</subfield></datafield><datafield ind1="1" ind2="0" tag="082"><subfield code="a">071</subfield><subfield code="2">23</subfield></datafield><datafield ind1="0" ind2=" " tag="130"><subfield code="a">Washington union (Washington, D.C. : 1857 : Daily)</subfield></datafield><datafield ind1=" " ind2="4" tag="222"><subfield code="a">The Washington union</subfield><subfield code="b">(Washington, D.C. 1857. Daily. Print)</subfield></datafield><datafield ind1="1" ind2="4" tag="245"><subfield code="a">The Washington union.</subfield></datafield><datafield ind1=" " ind2=" " tag="260"><subfield code="a">City of Washington [D.C.] :</subfield><subfield code="b">W.A. Harris,</subfield><subfield code="c">1857-1859.</subfield></datafield><datafield ind1=" " ind2=" " tag="300"><subfield code="a">v.</subfield></datafield><datafield ind1=" " ind2=" " tag="310"><subfield code="a">Daily (except Monday),</subfield><subfield code="b">Nov. 17, 1857-1859</subfield></datafield><datafield ind1=" " ind2=" " tag="321"><subfield code="a">Daily (except Sunday and Monday),</subfield><subfield code="b">Apr. 16-Nov. 14, 1857</subfield></datafield><datafield ind1="0" ind2=" " tag="362"><subfield code="a">Vol. 13, no. 1 (Apr. 16, 1857)-v. 14, no. 304 (Apr. 10, 1859).</subfield></datafield><datafield ind1=" " ind2=" " tag="500"><subfield code="a">Published morning and evening eds. on Saturday, Apr. 16-Nov. 14, 1857.</subfield></datafield><datafield ind1=" " ind2=" " tag="500"><subfield code="a">Publisher varies: Cornelius Wendell, Mar. 16, 1858-</subfield></datafield><datafield ind1=" " ind2=" " tag="530"><subfield code="a">Archived issues are available in digital format from the Library of Congress Chronicling America online collection.</subfield></datafield><datafield ind1=" " ind2="0" tag="651"><subfield code="a">Washington (D.C.)</subfield><subfield code="v">Newspapers.</subfield></datafield><datafield ind1=" " ind2="7" tag="651"><subfield code="a">Washington (D.C.)</subfield><subfield code="2">fast</subfield><subfield code="0">(OCoLC)fst01204505</subfield></datafield><datafield ind1=" " ind2="7" tag="655"><subfield code="a">Newspapers.</subfield><subfield code="2">fast</subfield><subfield code="0">(OCoLC)fst01423814</subfield></datafield><datafield ind1=" " ind2=" " tag="752"><subfield code="a">United States</subfield><subfield code="b">District of Columbia</subfield><subfield code="d">Washington.</subfield></datafield><datafield ind1="0" ind2=" " tag="775"><subfield code="t">Semi-weekly union (Washington, D.C.)</subfield><subfield code="w">(DLC)sn 82016449</subfield><subfield code="w">(OCoLC)2267615</subfield></datafield><datafield ind1="0" ind2=" " tag="775"><subfield code="t">Weekly union (Washington, D.C.)</subfield><subfield code="w">(DLC)sn 84026750</subfield><subfield code="w">(OCoLC)10641912</subfield></datafield><datafield ind1="0" ind2="8" tag="776"><subfield code="i">Online version:</subfield><subfield code="t">Washington union (Washington, D.C. : 1857 : Daily)</subfield><subfield code="x">2471-6626</subfield><subfield code="w">(DLC)  2016271032</subfield><subfield code="w">(OCoLC)945699572</subfield></datafield><datafield ind1="0" ind2="0" tag="780"><subfield code="t">Daily union (Washington, D.C.)</subfield><subfield code="x">2381-0378</subfield><subfield code="w">(DLC)sn 82003410</subfield><subfield code="w">(OCoLC)8770145</subfield></datafield><datafield ind1="0" ind2="0" tag="785"><subfield code="t">Constitution (Washington, D.C. : 1859 : Daily)</subfield><subfield code="x">2574-9048</subfield><subfield code="w">(DLC)sn 82014798</subfield><subfield code="w">(OCoLC)8799651</subfield></datafield><datafield ind1="4" ind2="1" tag="856"><subfield code="u">http://www.loc.gov/chroniclingamerica/lccn/sn82006534/issues</subfield></datafield><datafield ind1=" " ind2=" " tag="938"><subfield code="a">Kirtas Technologies, Inc.</subfield><subfield code="b">KRTS</subfield><subfield code="n">735954</subfield></datafield><datafield ind1="1" ind2=" " tag="029"><subfield code="a">AU@</subfield><subfield code="b">000020224867</subfield></datafield></record>